@article{Chung2022,
  author    = "Chung, Kevin J. and Khaw, Alexander V. and Lee, Donald H. and Pandey, Sachin and Mandzia, Jennifer and Lee, Ting-Yim",
  title     = "Low-dose CT Perfusion with Sparse-view Filtered Back Projection in Acute Ischemic Stroke",
  journal   = "Academic Radiology",
  year      = "2022",
  volume    = "29",
  number    = "10",
  pages     = "1502--1511",
  doi       = "10.1016/j.acra.2022.01.018",
  url       = "https://doi.org/10.1016/j.acra.2022.01.018"
}
@article{95846d1d06ff4241b5527fe62da68126,
title = "Diffusion models for medical image reconstruction",
keywords = "score-based generative models, diffusion models, image reconstruction, medical imaging, positron emission tomography",
author = "George Webber and Andrew Reader",
year = "2024",
month = aug,
day = "29",
doi = "10.1093/bjrai/ubae013",
language = "English",
volume = "1",
journal = "British Journal of Radiology | Artificial Intelligence",
issn = "2976-8705",
publisher = "Oxford University Press",
number = "1",
}
@article{yang2023medmnist,
  title={MedMNIST v2 - A large-scale lightweight benchmark for 2D and 3D biomedical image classification},
  author={Yang, J. and Shi, R. and Wei, D. and others},
  journal={Scientific Data},
  volume={10},
  number={41},
  year={2023},
  doi={10.1038/s41597-022-01721-8},
  url={https://doi.org/10.1038/s41597-022-01721-8},
  note={Received 29 November 2021, Accepted 26 September 2022, Published 19 January 2023}
}
@misc{song2021scorebasedgenerativemodelingstochastic,
    title={Score-Based Generative Modeling through Stochastic Differential Equations},
    author={Yang Song and Jascha Sohl-Dickstein and Diederik P. Kingma and Abhishek Kumar and Stefano Ermon and Ben Poole},
    year={2021},
    eprint={2011.13456},
    archivePrefix={arXiv},
    primaryClass={cs.LG},
    url={https://arxiv.org/abs/2011.13456}
}

@misc{song2022solvinginverseproblemsmedical,
    title={Solving Inverse Problems in Medical Imaging with Score-Based Generative Models},
    author={Yang Song and Liyue Shen and Lei Xing and Stefano Ermon},
    year={2022},
    eprint={2111.08005},
    archivePrefix={arXiv},
    primaryClass={eess.IV},
    url={https://arxiv.org/abs/2111.08005}
}

@ARTICLE{4307558,
    author={Shepp, L. A. and Vardi, Y.},
    journal={IEEE Transactions on Medical Imaging},
    title={Maximum Likelihood Reconstruction for Emission Tomography},
    year={1982},
    volume={1},
    number={2},
    pages={113-122},
    keywords={Tomography;Detectors;Positrons;Maximum likelihood detection;Maximum likelihood estimation;Physics;Mathematical model;Object detection;Probability;Iterative algorithms},
    doi={10.1109/TMI.1982.4307558}
}
